@article{tapestry_dolr,
  title={Tapestry: A resilient global-scale overlay for service deployment},
  author={Zhao, Ben Y and Huang, Ling and Stribling, Jeremy and Rhea, Sean C and Joseph, Anthony D and Kubiatowicz, John D},
  journal={IEEE Journal on selected areas in communications},
  volume={22},
  number={1},
  pages={41--53},
  year={2004},
  publisher={IEEE}
}

@article{tapestry_infra,
  title={Tapestry: An infrastructure for fault-tolerant wide-area location and routing},
  author={Zhao, Ben Yanbin and Kubiatowicz, John and Joseph, Anthony D and others},
  year={2001},
  publisher={Computer Science Division, University of California Berkeley}
}

@article{dht,
  title={Distributed object location in a dynamic network},
  author={Hildrum, Kirsten and Kubiatowicz, John D and Rao, Satish and Zhao, Ben Y},
  journal={Theory of Computing Systems},
  volume={37},
  number={3},
  pages={405--440},
  year={2004},
  publisher={Springer}
}

@article{pvp,
  title={Pricing via Processing or Combatting Junk Mail*},
  author={Dwork, Cynthia and Naor, Moni},
  journal={In 12th Annual International Cryptology Conference},
  pages={139-147},
  year={1992}
}

@article{bitcoin_article,
  title={Bitcoin: A Peer-to-Peer Electronic Cash System},
  author={Nakamoto, Satoshi},
  year={2008}
}

@article{proofOfStake,
  title={Blackcoin’s proof-of-stake protocol v2},
  author={Vasin, Pavel},
  journal={URL: https://blackcoin. co/blackcoin-pos-protocol-v2-whitepaper. pdf},
  volume={71},
  year={2014}
}

@techreport{trilemma,
  title={Blockchain economics},
  author={Abadi, Joseph and Brunnermeier, Markus},
  year={2018},
  institution={National Bureau of Economic Research}
}

@inproceedings{deanonymization_bitcoin,
  title={Deanonymization in the bitcoin P2P network},
  author={Fanti, Giulia and Viswanath, Pramod},
  booktitle={Advances in Neural Information Processing Systems},
  pages={1364--1373},
  year={2017}
}

@inproceedings{pastry,
  title={Pastry: Scalable, decentralized object location, and routing for large-scale peer-to-peer systems},
  author={Rowstron, Antony and Druschel, Peter},
  booktitle={IFIP/ACM International Conference on Distributed Systems Platforms and Open Distributed Processing},
  pages={329--350},
  year={2001},
  organization={Springer}
}

@article{chord,
  title={Chord: A scalable peer-to-peer lookup service for internet applications},
  author={Stoica, Ion and Morris, Robert and Karger, David and Kaashoek, M Frans and Balakrishnan, Hari},
  journal={ACM SIGCOMM Computer Communication Review},
  volume={31},
  number={4},
  pages={149--160},
  year={2001},
  publisher={ACM New York, NY, USA}
}

@techreport{bitcoin,
  title={Bitcoin: A peer-to-peer electronic cash system},
  author={Nakamoto, Satoshi},
  year={2019},
  institution={Manubot}
}

@inproceedings{eclipse,
  title={Eclipse attacks on bitcoin’s peer-to-peer network},
  author={Heilman, Ethan and Kendler, Alison and Zohar, Aviv and Goldberg, Sharon},
  booktitle={24th $\{$USENIX$\}$ Security Symposium ($\{$USENIX$\}$ Security 15)},
  pages={129--144},
  year={2015}
}

@inproceedings{partitioning,
  title={Partitioning attacks on bitcoin: colliding space, time, and logic},
  author={Saad, Muhammad and Cook, Victor and Nguyen, Lan and Thai, My T and Mohaisen, Aziz},
  booktitle={2019 IEEE 39th International Conference on Distributed Computing Systems (ICDCS)},
  pages={1175--1187},
  year={2019},
  organization={IEEE}
}

@article{elixir,
  title={An Introduction to the Elixir Programming Language},
  author={Masthay, Tyler M},
  year={2017}
}

@article{peercoin,
  title={PPCoin: Peer-to-Peer Crypto-Currency with Proof-of-Stake},
  author={King, Sunny and Nadal, Scott},
  year={2012}
}

@misc{bitcointalk,
  author={QuantumMechanic},
  howpublished = "\url{https://bitcointalk.org/index.php?topic=27787.msg349645#msg349645}",
  year={2011},
  note="[Online]"
}

@misc{gitlab,
  author = {Naman Arora},
  title = {{TCoin}},
  howpublished = "\url{https://gitlab.com/r0ck3r008/tcoin}",
  year = {2020}, 
  note = "[Online; accessed Feburary-28-2020]"
}

@misc{github,
  author = {Arora, Naman and Hegde, Gurupad and Parvatikar, Sourabh Gopal},
  title = {{TCoin}},
  howpublished = "\url{https://github.com/r0ck3r008/tcoin}",
  year = {2020}, 
  note = "[Online; accessed Feburary-28-2020]"
}